<record><leader>00000cas a22000007a 4500</leader><controlfield tag="001">11048166</controlfield><controlfield tag="008">840813d18831909nyudn ne      0    0eng d</controlfield><datafield ind1=" " ind2=" " tag="010"><subfield code="a">sn 84031442 </subfield></datafield><datafield ind1=" " ind2=" " tag="040"><subfield code="a">NYG</subfield><subfield code="b">eng</subfield><subfield code="c">NYG</subfield><subfield code="d">NYS</subfield><subfield code="d">NYG</subfield><subfield code="d">OCLCQ</subfield></datafield><datafield ind1=" " ind2=" " tag="042"><subfield code="a">msc</subfield></datafield><datafield ind1="0" ind2=" " tag="130"><subfield code="a">Morning star (Glens Falls, N.Y.)</subfield></datafield><datafield ind1="1" ind2="4" tag="245"><subfield code="a">The morning star.</subfield></datafield><datafield ind1=" " ind2=" " tag="260"><subfield code="a">Glens Falls, N.Y. :</subfield><subfield code="b">[Star Pub. Co.]</subfield></datafield><datafield ind1=" " ind2=" " tag="300"><subfield code="a">v. :</subfield><subfield code="b">ill.</subfield></datafield><datafield ind1=" " ind2=" " tag="310"><subfield code="a">Daily (except Sunday)</subfield></datafield><datafield ind1="0" ind2=" " tag="362"><subfield code="a">Vol. 1, no. 1 (Apr. 2, 1883)-v. 27, no. 136 (June 12, 1909).</subfield></datafield><datafield ind1=" " ind2=" " tag="500"><subfield code="a">Publishers: Star Pub. Co., &lt;1883&gt;; J.C. Mahoney, F.J. Lord, A.L. McMullen, [and] B.W. Sprague, &lt;1886&gt;; J.C. Mahoney, F.J. Lord, B.W. Sprague, [and] F.G. Lupien, &lt;1896&gt;.</subfield></datafield><datafield ind1=" " ind2=" " tag="500"><subfield code="a">Morning appears in title ornament: (Dec. 27, 1886&gt;.</subfield></datafield><datafield ind1=" " ind2=" " tag="530"><subfield code="a">Also availible on microfilm from Syracuse Microflim Company for the New York State Library.</subfield></datafield><datafield ind1=" " ind2=" " tag="580"><subfield code="a">Merged with: The Morning Post (Glens Falls, N.Y.) to become: The Post-Star. CF. Gregory W. Amer. newspapers.</subfield></datafield><datafield ind1=" " ind2="4" tag="651"><subfield code="a">Glens Falls (N.Y.)</subfield><subfield code="v">Newspapers.</subfield></datafield><datafield ind1=" " ind2=" " tag="752"><subfield code="a">United States</subfield><subfield code="b">New York</subfield><subfield code="c">Warren</subfield><subfield code="d">Glens Falls.</subfield></datafield><datafield ind1="0" ind2=" " tag="775"><subfield code="t">Weekly star (Glens Falls, N.Y.)</subfield><subfield code="w">(DLC)sn 83031166</subfield></datafield><datafield ind1="1" ind2="7" tag="785"><subfield code="t">Morning post (Glens Falls, N.Y.)</subfield><subfield code="w">(DLC)sn 84035771</subfield></datafield><datafield ind1="1" ind2="7" tag="785"><subfield code="t">Post-star (Glens Falls, N.Y. : 1909)</subfield><subfield code="w">(DLC)sn 84031447</subfield></datafield><datafield ind1="1" ind2=" " tag="029"><subfield code="a">AU@</subfield><subfield code="b">000020348822</subfield></datafield></record>